@software{stars_reproduce_allen_2020,
author = {Heather, Amy and Monks, Thomas and Harper, Alison},
month = {1},
title = {Computational Reproducibility Assessments: Summary},
url = {https://github.com/pythonhealthdatascience/stars_wp1_summary},
year = {2025}
}
